@book{eco:tesi,
author = {Eco, Umberto},
title = {Come si fa una tesi di laurea},
publisher = {Bompiani},
date = {1977},
location = {Milano},
}
@article{mori:tesi,
author = {Mori, Lapo Filippo},
title = {Scrivere la tesi di laurea con \LaTeXe},
journaltitle = {provsa},
number = {3},
date = {2007},
}
@manual{mori:poesie,
author = {Mori, Lapo Filippo},
title = {Scrivere poesie con \LaTeX},
date = {2007},
url = {http://www.guitex.org/},
}